@article{liang2020dl,
  title={Deep Learning Algorithm Classifies Heartbeat Events Based on Electrocardiogram Signals},
  author={Yongbo Liang, Shimin Yin, Qunfeng Tang, Zhenyu Zheng, Mohamed Elgendi and Zhencheng Chen},
  year={2020}
}

@article{liu2018data,
  title={An Open Access Database for Evaluating the Algorithms of Electrocardiogram Rhythm and Morphology Abnormality Detection},
  author={Feifei Liu, Chengyu Liu, Lina Zhao, Xiangyu Zhang, Xiaoling Wu, Xiaoyan Xu, Yulin Liu,Caiyun Ma, Shoushui Wei, Zhiqiang He, Jianqing Li, and Eddie Ng Yin Kwee},
  journal={Journal of Medical Imaging and
Health Informatics
Vol. 8, 1368â€“1373},
  year={2018}
}
